@comment{Bib-it,
	This file was created by Bib-it 1.4
	17 entries written
}

@ARTICLE{Book:JQM,
	author = {Paige, Michael},
	title = {Sams Teach Tourself jQuery Mobile in 24 Hours by Phil Dutson},
	year = {2013},
	month = jan,
	pages = {56--57},
	journal = {SIGSOFT Softw. Eng. Notes},
	volume = {38},
	number = {1},
	issn = {0163-5948},
	doi = {10.1145/2413038.2413055},
	publisher = {ACM},
	address = {New York, NY, USA},
	url = {http://doi.acm.org/10.1145/2413038.2413055},
	issue_date = {January 2013},
	numpages = {2},
	acmid = {2413055}
}
@BOOK{Book:JS,
	author = {Flanagan, David},
	title = {JavaScript: The Definitive Guide Activate Your Web Pages},
	year = {2011},
	edition = {6th},
	isbn = {0596805527, 9780596805524},
	publisher = {O'Reilly Media, Inc.}
}
@BOOK{Book:PG,
	author = {Wargo, John M.},
	title = {PhoneGap Essentials: Building Cross-Platform Mobile Apps},
	year = {2012},
	edition = {1st},
	isbn = {0321814290, 9780321814296},
	publisher = {Addison-Wesley Professional}
}
@BOOK{Book:Ti,
	author = {Poulsen, Tim and Whinnery, Kevin and Lukasavage, Tony and Dowsett, Paul},
	title = {Building Mobile Apps With Titanium},
	year = {2012},
	month = {4},
	publisher = {Appcelerator Inc.}
}
@MISC{Doc:K,
	author = {Telerik},
	title = {Kendo UI Docs},
	year = {2014},
	url = {http://docs.telerik.com/kendo-ui/api/mobile/application}
}
@MISC{Doc:PG,
	author = {System, Adobe},
	title = {PhoneGap API Documentation},
	year = {2014},
	url = {http://docs.phonegap.com/en/3.3.0/index.html}
}
@MISC{Doc:Ti,
	author = {Inc., Appcelerator},
	title = {Titanium 3.X - Appcellerator Docs},
	year = {2014},
	url = {http://docs.appcelerator.com/titanium/latest/}
}
@MISC{Web:AB,
	author = {Telerik},
	title = {AppBuilder (former Icenium) for Cross-Platform Mobile App Development},
	year = {2014},
	url = {http://www.telerik.com/appbuilder}
}
@MISC{Web:AC,
	author = {Foundation, The Apache Software},
	title = {Apache Cordova},
	year = {2014},
	url = {http://cordova.apache.org/}
}
@MISC{Web:AD,
	author = {Inc., Google},
	title = {Design | Android Developers},
	year = {2014},
	url = {https://developer.android.com/design/index.html}
}
@MISC{Web:PG,
	author = {System, Adobe},
	title = {PhoneGap},
	year = {2014},
	url = {http://phonegap.com/}
}
@MISC{Web:PJS,
	author = {Inc., Developer Express},
	title = {PhoneJS},
	year = {2014},
	url = {http://phonejs.devexpress.com/}
}
@MISC{Web:RM,
	author = {Inc., Motorola Solutions},
	title = {RhoMobile Suite},
	year = {2014},
	url = {http://www.motorolasolutions.com/XU-EN/Business+Product+and+Services/Software+and+Applications/RhoMobile_Suite}
}
@MISC{Web:ST,
	author = {Inc., Sencha},
	title = {Sencha Touch},
	year = {2014},
	url = {http://www.sencha.com/products/touch/}
}
@MISC{Web:Ti,
	author = {Inc., Appcelerator},
	title = {Titanium Mobile Application Development},
	year = {2014},
	url = {http://www.appcelerator.com/titanium/}
}
@MISC{Web:Wiki.cross-compiling,
	author = {Wikipedia},
	title = {Cross compiler},
	year = {2014},
	url = {http://en.wikipedia.org/wiki/Cross-compilation}
}
@MISC{White:Native-vs-Html,
	author = {Inc., Appcelerator},
	title = {Native vs. HTML5 Mobile App Development},
	year = {2012},
	url = {http://www.appcelerator.com/enterprise/resource-center/white-papers/native-vs-html5-mobile-app-development/}
}
@MISC{Web:peptechlearn.blogspot.it,
	author = {Giglione, Mark},
	title = {Mobile Development Options - Part 4: Titanium Appcelerator \& Titanium Studio},
	year = {2013},
	url = {http://peptechlearn.blogspot.it/2013/03/mobile-development-options-part-4.html}
}
